=LDR  01400aam a22003251i 4500
=001  018574033
=003  Uk
=005  20190208204137.0
=006  m\\\\||\\d\|\\\\\\
=007  cr\|||||||||||
=008  171027s2014\\\\xxk||||go\\\\||||\||eng\\
=020  \\$a144816110X$qEPUB
=020  \\$a9781448161102$qEPUB
=037  \\$aTheRandomHouseGroup199896$bIngram Content Group
=041  1\$aeng$hnor
=082  04$a839.8238$223
=100  1\$aNesbø, Jo,$d1960-$eauthor.$1http://viaf.org/viaf/44460209$4http://rdaregistry.info/Elements/w/object/P10061
=240  10$aSønnen$1http://viaf.org/viaf/309841729
=245  14$aThe son /$cJo Nesbo ; translated from the Norwegian by Charlotte Barslund.
=264  \1$aLondon :$bVintage Digital,$c2014.
=300  \\$a1 online resource (656 pages).
=336  \\$atext$2rdacontent$0http://rdaregistry.info/termList/RDAContentType/1020
=337  \\$acomputer$2rdamedia$0http://rdaregistry.info/termList/RDAMediaType/1003
=338  \\$aonline resource$2rdacarrier$0http://rdaregistry.info/termList/RDACarrierType/1018
=650  \7$aFICTION / Mystery & Detective / General$2bisacsh
=650  \7$aFICTION / Thrillers / Suspense$2bisacsh
=650  \7$aThriller / suspense$2bicssc
=651  \0$aOslo (Norway)$vFiction.
=655  \0$aSuspense fiction.
=700  1\$aBarslund, Charlotte$etranslator.$1http://viaf.org/viaf/71301550$4http://rdaregistry.info/Elements/e/object/P20037

