=LDR  02286cam a2200529 c 4500
=001  991334639234702202
=005  20230531223353.0
=007  ta
=008  151016s2014\\\\no\\\\\|||||||000|f\nob|\
=020  \\$a978-82-03-35593-6$qib.$cNkr 399.00$qAschehoug
=020  \\$a978-82-525-8317-5$qib.$cNkr 349.00$qBokklubben
=080  \\$a82
=080  \\$a839.6
=082  04$a839.82$223
=082  04$a839.8238$223
=082  74$a365.6$25/nor
=082  74$a839.823$qNO-OsNB$25/nor
=100  1\$aNesbø, Jo$d1960-$0(NO-TrBIB)90356569$1http://viaf.org/viaf/44460209$4http://rdaregistry.info/Elements/w/object/P10061
=240  \\$aSønnen$1http://viaf.org/viaf/309841729
=245  10$aSønnen$cJo Nesbø
=260  \\$aOslo$bAschehoug$c2014
=300  \\$a510 s.
=336  \\$atext$2rdacontent$0http://rdaregistry.info/termList/RDAContentType/1020
=337  \\$aunmediated$2rdamedia$0http://rdaregistry.info/termList/RDAMediaType/1007
=338  \\$avolume$2rdacarrier$0http://rdaregistry.info/termList/RDACarrierType/1049
=767  0\$6880-01$tSinŭt$w999921367594002201$z978-954-357-455-1
=767  0\$aNesbø, Jo$tDe zoon$w991439607684702201
=767  0\$aNesbø, Jo$tDer Sohn :$w991443691254702201
=767  0\$aNesbø, Jo$tDer Sohn$w999920383965802201
=767  0\$aNesbø, Jo$tIsänsä poika$w991503443414702201
=767  0\$aNesbø, Jo$tIsänsä poika$w999920411992202201
=767  0\$aNesbø, Jo$tLe fils$w999920020384602201
=767  0\$aNesbø, Jo$tSonen$w991443688384702201
=767  0\$aNesbø, Jo$tSonen$w991509907404702201
=767  0\$aNesbø, Jo$tSonen$w991515237894702201
=767  0\$aNesbø, Jo$tSønnen :$w991416795654702201
=767  0\$aNesbø, Jo$tSonurinn$w999920523176102201
=767  0\$aNesbø, Jo$tSūnus$w999920243980102201
=767  0\$aNesbø, Jo$tSyn$w999920021785002201
=767  0\$aNesbø, Jo$tThe son$w991418772864702201
=767  0\$aNesbø, Jo$tThe son$w991427095734702201
=767  0\$aNesbø, Jo$tThe son$w991500431124702201
=767  0\$aNesbø, Jo$tThe son$w991500431394702201
=767  0\$tDēls$w999920188390102201$z978-9934-0-6102-8
=767  0\$tL'Hereu$w999920682672002201$z978-84-7588-722-7
=767  0\$tNgưới con trai$w999920320586202201$z978-604-55-1922-6
=767  0\$tPoeg$w999921689551702201$z978-9985-3-5312-7

