=LDR  01121cim a2200241 c 4500
=001  990121644104702202
=005  20230228113131.0
=007  sd\f||||||||||
=008  150112s2001\\\\no#||||\|||||||f#|||nob|\
=020  \\$a8242111146$cNkr 298.00
=020  \\$a9788242111142
=080  \\$a839.6
=082  74$a839.823$qNO-OsNB$24/nor
=100  1\$aNesbø, Jo$d1960-$0(NO-TrBIB)90356569$1http://viaf.org/viaf/44460209$4http://rdaregistry.info/Elements/w/object/P10061
=240  \\$aKarusellmusikk$1https://www.wikidata.org/wiki/Q6373735 
=245  10$aKarusellmusikk :$bnoveller$cJo Nesbø$h[lydopptak]
=260  \\$a[Melhus]$bLydbokforl.$c2001
=300  \\$a4 plater (3 t, 58 min)$c12 cm, i eske
=336  \\$aspoken word$2rdacontent$0http://rdaregistry.info/termList/RDAContentType/1013
=337  \\$aaudio$2rdamedia$0http://rdaregistry.info/termList/RDAMediaType/1001
=338  \\$aaudio disc$2rdacarrier$0http://rdaregistry.info/termList/RDACarrierType/1004
=500  \\$aLest av Mads Ousdal
=700  1\$aOusdal, Mads$d1970-$emedarb.$0(NO-TrBIB)1018672$1http://viaf.org/viaf/20625366$4http://rdaregistry.info/Elements/e/object/P20022

