=LDR  01777cgm a2200337 c 4500
=001  991146946994702202
=005  20230105140221.0
=007  vd#|v||||
=008  141201p20112011xx\|||||||||||\\\\v|nob|d
=024  3\$a7041271939937
=080  \\$a839.6
=082  04$a791.4372$223
=100  1\$aTyldum, Morten$d1967-$0(NO-TrBIB)99008873$1http://viaf.org/viaf/187553559$4http://rdaregistry.info/Elements/w/object/P10013
=240  \\$aHodejegerne$1https://www.wikidata.org/wiki/Q1592308
=245  00$aHodejegerne$cregi: Morten Tyldum$h[videoopptak]
=260  \\$aOslo$bNordisk Film Distribusjon AS$c2011
=300  \\$a1 videoplate (DVD-video) (1 t, 38 min.)$blyd, kol.
=336  \\$atwo-dimensional moving image$2rdacontent$0http://rdaregistry.info/termList/RDAContentType/1023
=337  \\$aaudio$2rdamedia$0http://rdaregistry.info/termList/RDAMediaType/1008
=338  \\$avideo disc$2rdacarrier$0http://rdaregistry.info/termList/RDACarrierType/1060
=500  \\$aAldersgrense: 15 år
=500  \\$aBasert på: Hodejegerne / Jo Nesbø
=500  \\$aDVD : 1939931
=500  \\$aEkstramateriale: Bakom filmen, musikkvideo, trailer, teasertrailer, kommentarspor
=500  \\$aMedietilsynet : 160201
=500  \\$aNorsk språk, tekstet for hørselshemmede
=500  \\$aRolleliste: Aksel Hennie, Synne Macody Lund, Nikolaj Coster-Waldau, Eivind Sander, Julie Ølgaard
=700  12$aNesbø, Jo$d1960-$tHodejegerne$0(NO-TrBIB)90356569$1http://viaf.org/viaf/2490154501856639210005$4http://rdaregistry.info/Elements/w/object/P10311
=700  \\$aRyberg, Ulf$1http://viaf.org/viaf/42539772$4http://rdaregistry.info/Elements/w/object/P10203
=700  \\$aGudmestad,Lars$1http://viaf.org/viaf/120895739$4http://rdaregistry.info/Elements/w/object/P10203
=740  0\$aJo Nesbøs Hodejegerne

