=LDR  00869cim a2200205 c 4500
=001  990808971424702202
=005  20230308082821.0
=007  sd\f||||||||||
=008  150407s2008\\\\no#||||\|||||||f#|||nob|\
=020  \\$a9788242145079$cNkr 369.00
=080  \\$a839.6
=082  74$a839.823$qNO-OsNB$25/nor
=100  1\$aNesbø, Jo$d1960-$0(NO-TrBIB)90356569$1http://viaf.org/viaf/44460209$4http://rdaregistry.info/Elements/w/object/P10061
=240  \\$aHodejegerne$1http://viaf.org/viaf/2490154501856639210005
=245  10$aHodejegerne$cJo Nesbø$h[lydopptak]
=260  \\$a[Melhus]$bLydbokforl.$ccop. 2008
=300  \\$a6 plater (CD) (7 t, 45 min)$bdigital$c12 cm, i eske
=500  \\$aLest av Thorbjørn Harr
=500  \\$aPå esken: Krim
=700  1\$aHarr, Thorbjørn$d1974-$emedarb.$0(NO-TrBIB)1023162$1http://viaf.org/viaf/227229707$4http://rdaregistry.info/Elements/e/object/P20022

